%% This BibTeX bibliography file was created using BibDesk.
%% http://bibdesk.sourceforge.net/

%% Created for Serdar Bicer at 2017-06-18 03:10:41 +0300 


%% Saved with string encoding Unicode (UTF-8) 


@techreport{ref1,
    Author = {Brownlee, J.},
    Institution = {Technical Report 3-01},
    Title = {Immunos-81: The Misunderstood Artificial Immune System},
    Year = {2005},
    Address = {Swinburne University}}

@url{ref2,
    author={NVIDIA Blog},
    howpublished = {\ul{https://blogs.nvidia.com/blog}\ul{/2017/04/10/ai-drives-rise-accelerated-computing-datacenter/}},
    Title = {AI Drives the Rise of Accelerated Computing in Data Centers},
    Note = {17 Haziran 2017}}

@article{ref3,
    Author = {C. Drummond and R. C. Holte},
    Date-Added = {2015-11-10 23:05:02 +0000},
    Date-Modified = {2015-11-10 23:06:34 +0000},
    Journal = {Mach. Learn.},
    Number = {1},
    Pages = {95-130},
    Rating = {1},
    Title = {Cost curves: An improved method for visualizing classifier performance.},
    Volume = {65},
    Year = {2006}}

@inproceedings{ref4,
    Address = {New York, NY, USA},
    Author = {E. Arisholm and L. C. Briand},
    Booktitle = {ISESE '06},
    Date-Added = {2015-11-10 22:22:18 +0000},
    Date-Modified = {2015-11-10 23:07:14 +0000},
    Pages = {8-17},
    Publisher = {ACM},
    Title = {Predicting fault-prone components in a java legacy system},
    Year = {2006}}

@book{ref5,
    Author = {Pressman, Roger S.},
    Edition = {6},
    Isbn = {0072496681},
    Publisher = {McGraw-Hill Higher Education},
    Title = {Software Engineering: A Practitioner's Approach},
    Year = {2005}}

@book{ref6,
    Author = {Bruce Alberts and Alexander Johnson and Julian Lewis and Martin Raff and Keith Roberts and Peter Walter},
    Edition = {4},
    Isbn = {0815332181},
    Publisher = {Garland Science},
    Title = {Molecular Biology of the Cell},
    Year = {2002}}




